% Encoding: UTF-8

@manual{mueller2019,
    author  = {MÃ¼ller, Carsten},
    title   = {Studienarbeit: Spezifikation},
    date    = {2019-10-12},
    version = {final}
}

@Comment{jabref-meta: databaseType:bibtex;}
